@ARTICLE{1969NCimR...1..252P,
       author = {{Penrose}, Roger},
        title = "{Gravitational Collapse: the Role of General Relativity}",
      journal = {Nuovo Cimento Rivista Serie},
         year = 1969,
        month = jan,
       volume = {1},
        pages = {252},
       adsurl = {https://ui.adsabs.harvard.edu/abs/1969NCimR...1..252P},
      adsnote = {Provided by the SAO/NASA Astrophysics Data System}
}

@article{BlandfordZnajek1977,
  author  = {Blandford, R. D. and Znajek, R. L.},
  year    = {1977},
  title   = {Electromagnetic extraction of energy from Kerr black holes},
  journal = {Monthly Notices of the Royal Astronomical Society},
  volume  = {179},
  pages   = {433--456},
  doi     = {10.1093/mnras/179.3.433}
}

@article{Abramowicz1988,
  author  = {Abramowicz, M. A. and Czerny, B. and Lasota, J.-P. and Szuszkiewicz, E.},
  year    = {1988},
  title   = {Slim accretion disks},
  journal = {The Astrophysical Journal},
  volume  = {332},
  pages   = {646--658},
  doi     = {10.1086/166683}
}

@inproceedings{Young2011AGNWindPol,
  author    = {Young, S. and Axon, D. and Robinson, A. and Smith, J. and Hough, J. H.},
  title     = {Polarimetric Signatures of Winds from Active Galactic Nuclei},
  booktitle = {Astronomical Polarimetry 2008: Science from Small to Large Telescopes},
  year      = {2011},
  series    = {ASP Conf. Ser.},
  volume    = {449},
  pages     = {436},
  url       = {https://ui.adsabs.harvard.edu/abs/2011ASPC..449..436Y/abstract}
}

@ARTICLE{2023MNRAS.521.3682L,
       author = {{Lai}, Samuel and {Wolf}, Christian and {Onken}, Christopher A. and {Bian}, Fuyan},
        title = "{Characterising SMSS J2157-3602, the most luminous known quasar, with accretion disc models}",
      journal = {\mnras},
     keywords = {galaxies: active, galaxies: high-redshift, quasars: emission lines, Astrophysics - Astrophysics of Galaxies},
         year = 2023,
        month = may,
       volume = {521},
       number = {3},
        pages = {3682-3698},
          doi = {10.1093/mnras/stad651},
archivePrefix = {arXiv},
       eprint = {2302.10397},
 primaryClass = {astro-ph.GA},
       adsurl = {https://ui.adsabs.harvard.edu/abs/2023MNRAS.521.3682L},
      adsnote = {Provided by the SAO/NASA Astrophysics Data System}
}

@ARTICLE{2021ApJ...922L..24C,
       author = {{Connor}, Thomas and {Stern}, Daniel and {Ba{\~n}ados}, Eduardo and {Mazzucchelli}, Chiara},
        title = "{X-Ray Evidence Against the Hypothesis that the Hyperluminous z = 6.3 Quasar J0100+2802 is Lensed}",
      journal = {\apjl},
     keywords = {1319, 1643, 1821, 2031, 1810, Astrophysics - Astrophysics of Galaxies, Astrophysics - High Energy Astrophysical Phenomena},
         year = 2021,
        month = dec,
       volume = {922},
       number = {2},
          eid = {L24},
        pages = {L24},
          doi = {10.3847/2041-8213/ac37b5},
archivePrefix = {arXiv},
       eprint = {2111.05860},
 primaryClass = {astro-ph.GA},
       adsurl = {https://ui.adsabs.harvard.edu/abs/2021ApJ...922L..24C},
      adsnote = {Provided by the SAO/NASA Astrophysics Data System}
}

@ARTICLE{2014SSRv..183..277R,
       author = {{Reynolds}, Christopher S.},
        title = "{Measuring Black Hole Spin Using X-Ray Reflection Spectroscopy}",
      journal = {\ssr},
     keywords = {Accretion disks, Black holes, X-ray astronomy, Astrophysics - High Energy Astrophysical Phenomena, General Relativity and Quantum Cosmology},
         year = 2014,
        month = sep,
       volume = {183},
       number = {1-4},
        pages = {277-294},
          doi = {10.1007/s11214-013-0006-6},
archivePrefix = {arXiv},
       eprint = {1302.3260},
 primaryClass = {astro-ph.HE},
       adsurl = {https://ui.adsabs.harvard.edu/abs/2014SSRv..183..277R},
      adsnote = {Provided by the SAO/NASA Astrophysics Data System}
}

@ARTICLE{2011MNRAS.418L..79T,
       author = {{Tchekhovskoy}, Alexander and {Narayan}, Ramesh and {McKinney}, Jonathan C.},
        title = "{Efficient generation of jets from magnetically arrested accretion on a rapidly spinning black hole}",
      journal = {\mnras},
     keywords = {accretion, accretion discs, black hole physics, MHD, methods: numerical, galaxies: jets, Astrophysics - High Energy Astrophysical Phenomena, Astrophysics - Cosmology and Nongalactic Astrophysics},
         year = 2011,
        month = nov,
       volume = {418},
       number = {1},
        pages = {L79-L83},
          doi = {10.1111/j.1745-3933.2011.01147.x},
archivePrefix = {arXiv},
       eprint = {1108.0412},
 primaryClass = {astro-ph.HE},
       adsurl = {https://ui.adsabs.harvard.edu/abs/2011MNRAS.418L..79T},
      adsnote = {Provided by the SAO/NASA Astrophysics Data System}
}

@article{LightmanZdziarski1987,
  author  = {Lightman, A. P. and Zdziarski, A. A.},
  title   = {Pair Production and Compton Scattering in Compact Sources of X-rays and Gamma Rays},
  journal = {ApJ},
  year    = {1987},
  volume  = {319},
  pages   = {643--656},
  bibcode = {1987ApJ...319..643L}
}

@ARTICLE{1984MNRAS.209..175S,
       author = {{Svensson}, R.},
        title = "{Steady mildly relativistic thermal plasmas - Processes and properties}",
      journal = {\mnras},
     keywords = {Cosmic Plasma, Plasma Clouds, Relativistic Plasmas, Thermal Plasmas, Bremsstrahlung, Electron-Positron Pairs, Luminosity, Pair Production, Photons, Steady State, Thermodynamic Equilibrium, Astrophysics},
         year = 1984,
        month = jul,
       volume = {209},
        pages = {175-208},
          doi = {10.1093/mnras/209.2.175},
       adsurl = {https://ui.adsabs.harvard.edu/abs/1984MNRAS.209..175S},
      adsnote = {Provided by the SAO/NASA Astrophysics Data System}
}

@article{Cackett2021RevMap,
  author  = {Cackett, Edward M. and Zoghbi, Abderahmen},
  title   = {Reverberation Mapping of Active Galactic Nuclei in the X-ray, UV and Optical},
  journal = {iScience},
  year    = {2021},
  volume  = {24},
  number  = {10},
  pages   = {102557},
  doi     = {10.1016/j.isci.2021.102557}
}

@article{Sun2020AGNsize,
  author  = {Sun, Meng and others},
  title   = {The Size of AGN Accretion Disks: Microlensing and Reverberation Perspectives},
  journal = {arXiv e-prints},
  year    = {2020},
  eprint  = {2002.08564},
  note    = {astro-ph.GA}
}

@article{Komissarov2004MNRAS,
  author  = {Komissarov, S. S.},
  title   = {Electrodynamics of black hole magnetospheres},
  journal = {Monthly Notices of the Royal Astronomical Society},
  year    = {2004},
  volume  = {350},
  number  = {2},
  pages   = {427--448},
  doi     = {10.1111/j.1365-2966.2004.07672.x},
  eprint  = {astro-ph/0402403}
}

@article{EastYang2018PRD,
  author  = {East, William E. and Yang, Huan},
  title   = {Magnetosphere of a spinning black hole and the role of the current sheet},
  journal = {Physical Review D},
  year    = {2018},
  volume  = {98},
  pages   = {023008},
  doi     = {10.1103/PhysRevD.98.023008},
  eprint  = {1805.05952}
}

@article{Pan2018PRD,
  author  = {Pan, Zhen},
  title   = {Magnetosphere structure of a Kerr black hole: Marginally force-free equatorial boundary condition},
  journal = {Physical Review D},
  year    = {2018},
  volume  = {98},
  pages   = {043023},
  doi     = {10.1103/PhysRevD.98.043023},
  eprint  = {1807.05611}
}

@article{Parfrey2019PRL,
  author  = {Parfrey, Kyle and Philippov, Alexander A. and Cerutti, Beno{\^i}t},
  title   = {First-Principles Plasma Simulations of Black-Hole Jet Launching},
  journal = {Physical Review Letters},
  year    = {2019},
  volume  = {122},
  pages   = {035101},
  doi     = {10.1103/PhysRevLett.122.035101}
}

@article{Bransgrove2021PRL,
  author  = {Bransgrove, Ashley and Beloborodov, Andrei M. and Parfrey, Kyle},
  title   = {Magnetic Hair and Reconnection in Black Hole Magnetospheres},
  journal = {Physical Review Letters},
  year    = {2021},
  volume  = {127},
  pages   = {055101},
  doi     = {10.1103/PhysRevLett.127.055101}
}


@misc{Wakabayashi2025OSFv1,
  author       = {Jun Wakabayashi},
  title        = {Self-Sustained Penrose Excitation of Accretion Disks},
  howpublished = {OSF Registration (Version 1)},
  year         = {2025},
  doi          = {10.17605/OSF.IO/62GZV},
  url          = {https://doi.org/10.17605/OSF.IO/62GZV},
  note         = {Snapshot of manuscript, LaTeX sources, and checksums}
}